<?xml version="1.0" encoding="UTF-8"?><collection xmlns="http://www.loc.gov/MARC21/slim"><record><leader>00331nam--2200133-i-4500</leader><controlfield tag="001">000043913</controlfield><controlfield tag="002">20161230</controlfield><controlfield tag="005">20161230201044</controlfield><controlfield tag="008">060222s1000------------r-----000-0-eng-d</controlfield><datafield ind1=" " ind2=" " tag="080"><subfield code="a">621.0</subfield></datafield><datafield ind1=" " ind2=" " tag="100"><subfield code="a">Suceveanu, Florin</subfield></datafield><datafield ind1=" " ind2=" " tag="245"><subfield code="a">Tehnica pilotajului</subfield></datafield><datafield ind1=" " ind2=" " tag="260"><subfield code="a">Bucuresti, Ed.Pt.Cultura Fizica Si Sport, 1953, 621p</subfield></datafield><datafield ind1=" " ind2=" " tag="852"><subfield code="a">2519</subfield></datafield></record></collection>